%! Author = strij
%! Date = 12/01/2020

@book{goossens1993,
    author    = "Michel Goossens and Frank Mittelbach and Alexander Samarin",
    title     = "The LaTeX Companion",
    year      = "1993",
    publisher = "Addison-Wesley",
    address   = "Reading, Massachusetts"
}